@article{v001a005,
 author = {Peter {H{\o}yer} and Robert {\v{S}palek}},
 title = {Quantum Fan-out is Powerful},
 journal = {Theory of Computing},
 year = {2005},
 pages = {81--103},
 doi = {10.4086/toc.2005.v001a005},
 volume = {1},
}

@article{v002a011,
 author = {Moses Charikar and Robert Krauthgamer},
 title = {Embedding the {Ulam} metric into {$\ell_2$}},
 journal = {Theory of Computing},
 year = {2006},
 pages = {207--224},
 doi = {10.4086/toc.2006.v002a011},
 volume = {2},
}

@article{BellareCHKS,
 author = {Mihir Bellare and Don Coppersmith and Johan {H\aa{}stad} and Marcos Kiwi and Madhu Sudan},
 title = {Linearity testing in characteristic two},
 journal = {IEEE Trans. Inform. Theory},
 volume = {42},
 number = {6},
 year = {1996},
 pages = {1781--1795},
doi= {10.1109/SFCS.1995.492574}
} 
