%% Theory of Computing
%% File: v019a1110.bib
%% Publication date: January 30, 2024
%% Authors: Andrea Coladangelo, Alex B. Grilo, Stacey Jeffery, and Thomas Vidick
@comment{record 1}
@comment{LB added doi arxiv} 
@ARTICLE{AharonovAV13,
Author = {Dorit Aharonov and Itai Arad and Thomas Vidick},
Journal = sigactnews,
year = 2013,
volume = {44},
Number = 2,
Pages = {47--79},
Title = {Guest column: {T}he quantum {PCP} conjecture},
doi = {10.1145/2491533.2491549},
eprint = {1309.7495},
}

@comment{record 2}
@comment{LB added Tsinghua link arxiv}
@INPROCEEDINGS{aharonov10qpip,
author    = {Dorit Aharonov and Michael Ben{-}Or and Elad Eban},
title     = {Interactive Proofs For Quantum Computations},
crossref  = {pitcs10},
pages     = {453--469},
note = {\href{https://conference.iiis.tsinghua.edu.cn/ICS2010/content/papers/35.html}{Tsinghua}},
eprint    = {0810.5375},
}

@comment{record 3}
@comment{LB added link to proceedings}
@INPROCEEDINGS{alagic2017quantum,
author    = {Gorjan Alagic and Yfke Dulek and Christian Schaffner and
Florian Speelman},
title     = {Quantum Fully Homomorphic Encryption with Verification},
crossref = {pasiacrypt17},       
pages     = {438--467},
doi       = {10.1007/978-3-319-70694-8\_16},
eprint    = {1708.09156},
}

@comment{record 4}
@comment{LB added doi}
@ARTICLE{Bell:64a,
author = {Bell, John S.},
title = {On the {E}instein-{P}odolsky-{R}osen Paradox},
journal = {Physics},
year = {1964},
volume = {1},
number = 3,
pages = {195--200},
doi = {10.1103/PhysicsPhysiqueFizika.1.195},
}

@comment{record 5}
@comment{LB added doi conf link}
@ARTICLE{BeraFGH10,
author    = {Debajyoti Bera and Stephen A. Fenner and Frederic Green and
Steven Homer},
title     = {Efficient universal quantum circuits},
journal   = qic,
volume    = {10},
number    = {1{\&}2},
pages     = {16--27},
year      = {2010},
doi = {10.26421/QIC10.1-2-2},
note = {\prelim \href{https://link.springer.com/chapter/10.1007/978-3-642-02882-3\_42}{COCOON'09}},
}

@comment{record 6}
@comment{LB added doi arxiv}
@ARTICLE{BowlesSCA18,
title = {Self-testing of {P}auli observables for device-independent entanglement certification},
author = {Joseph Bowles and Ivan \v{S}upi\'{c} and Daniel Cavalcanti and Antonio Ac\'{i}n},
journal = PhysRevA,
volume = {98},
number = {4/042336},
pages = {1--24},
year = {2018},
doi = {10.1103/PhysRevA.98.042336},
eprint = {1801.10446},
}

@comment{record 7}
@comment{LB au provided doi**}
@ARTICLE{broadbent15howtoverify,
title={How to verify a quantum computation},
author={Broadbent, Anne},
journal = toc,
year={2018},
volume = {14},
number = {11},
pages = {1--37},
doi = {10.4086/toc.2018.v014a011},
eprint={1509.09180},
}

@comment{record 8}
@comment{LB added doi number 7644 to 159 **}
@ARTICLE{ibmcloud,
author = {Davide Castelvecchi},
title = {{IBM}'s quantum cloud computer goes commercial},
journal = {Nature News},
year = {9 March 2017},
volume = {543},
number = {7644},
page = 159,
doi = {10.1038/nature.2017.21585},
}

@comment{record 9}
@comment{LB added doi}
@ARTICLE{Clauser:69a,
author = {Clauser, John F. and Horne, Michael A. and Shimony, Abner and Holt, Richard A.},
title = {Proposed experiment to test local hidden-variable theories},
journal = physrevlett,
volume = {23},
number = 15,
pages = {880--884},
year = {1969},
doi = {10.1103/PhysRevLett.23.880},
}

@comment{record 10}
@comment{LB: journal version** added 2 doi}
@article{dulek16,
title={Quantum homomorphic encryption for polynomial-sized circuits},
author={Dulek, Yfke and Schaffner, Christian and Speelman, Florian},
journal = toc,
year = 2018,
volume = 14,
number = 7,
pages = {1--45},
doi = {10.4086/toc.2018.v014a007},
eprint={1603.09717},
note = {\prelim \href{http://doi.org/10.1007/978-3-662-53015-3\_1}{CRYPTO'16}},
}

@comment{LB:upgraded to record 10}
@INPROCEEDINGS{dulek16-conf,
title={Quantum homomorphic encryption for polynomial-sized circuits},
author={Dulek, Yfke and Schaffner, Christian and Speelman, Florian},
booktitle = {Advances in Cryptology -- Proceedings of the 36th Annual International Cryptology Conference (CRYPTO 2016)},
pages = {3--32},
note={arXiv:1603.09717},
year={2016}
}

@comment{record 11}
@comment{LB added doi arxiv}
@ARTICLE{fitzsimons2016survey,
author = {Joseph F. Fitzsimons},
title = {Private quantum computation: {A}n introduction to blind quantum computing and related protocols},
journal = npjqi,
year = {2017},
volume = {3},
number = {23},
pages = {1--11},
doi = {10.1038/s41534-017-0025-3},
eprint = {1611.10107},
}

@comment{record 12}
@comment{LB added doi}
@misc{hajdusek2015posthoc-updated,
title = {Post hoc verification of quantum computation},
author = {Joseph F. Fitzsimons and Michal Hajdu\v{s}ek},
year = {2015},
eprint = {1512.04375},
}

@comment{record 13 now 14}
@comment{LB added doi}
@comment{IH added pages}
@ARTICLE{fitzsimons12vubqc,
author = {Joseph F. Fitzsimons and Elham Kashefi},
title = {Unconditionally verifiable blind quantum computation},
journal = PhysRevA,
volume = {96},
number = {1/012303},
pages = {1--27},
year = {2017},
doi = {10.1103/PhysRevA.96.012303},
eprint = {1203.5217},
}

@comment{record 14 now 15}
@comment{LB added doi arxiv}
@ARTICLE{FujiiH17,
author = {Fujii, Keisuke and Hayashi, Masahito},
title = {Verifiable fault tolerance in measurement-based quantum computation},
journal = PhysRevA,
volume = {96},
number = {3/030301(R)},
pages = {1--6},
year = {2017},
doi = {10.1103/PhysRevA.96.030301},
eprint = {1610.05216},
}

@comment{record 15 now 16}
@comment{LB added doi arxiv}
@comment{IH added pages}
@article{gheorghiu15,
author = {Alexandru Gheorghiu and Elham Kashefi and Petros Wallden},
year = {2015},
title={Robustness and device independence of verifiable blind quantum computing},
journal = newjPhys,
volume = {17},
number = {8/083040},
pages = {1--22},
doi = {10.1088/1367-2630/17/8/083040},
eprint = {1610.05216},
}

@comment{record 16 now 17}
@comment{LB added doi}
@comment{IH added pages}
@INPROCEEDINGS{GheorghiuV19,
title = {Computationally-secure and composable remote state preparation},
author = {Alexandru Gheorghiu and Thomas Vidick},
crossref = {pfocs19},
pages = {1024--1033},
doi = {10.1109/FOCS.2019.00066},
eprint = {1904.06320},
}

@comment{record 17 now 18}
@comment{IH added doi}
@INPROCEEDINGS{Grilo17,
author={Alex B. Grilo},
title={A Simple Protocol for Verifiable Delegation of Quantum Computation in One Round},
crossref = {picalp19},
pages =	{28:1--13},
doi   = {10.4230/LIPIcs.ICALP.2019.28},
eprint = {1711.09585},
}

@comment{record 18 now 19}
@MISC{hajdusek2015,
author = {Michal Hajdu\v{s}ek and Carlos A. P\'erez-Delgado and Joseph F. Fitzsimons},
title = {Device-independent verifiable blind quantum computation},
year = {2015},
eprint = {1502.02563},
}

@comment{record 19 now 20}
@comment{LB added arxiv}
@comment{IH added doi}
@ARTICLE{HayashiH16,
author={Hayashi, Masahito and Hajdu\v{s}ek, Michal},
title = {Self-guaranteed measurement-based quantum computation},
journal = PhysRevA,
volume = {97},
number = {5/052308},
pages = {1--16},
year = {2018},
doi = {10.1103/PhysRevA.97.052308},
eprint = {1603.02195},
}

@comment{record 20 now 21}
@comment{LB added doi arxiv}
@ARTICLE{HayashiM15,
author = {Hayashi, Masahito and Morimae, Tomoyuki},
title = {Verifiable Measurement-Only Blind Quantum Computing with Stabilizer Testing},
journal= physrevlett,
volume = {115},
number = {22/220502},
pages = {1--5},
numpages = {5},
year = {2015},
doi = {10.1103/PhysRevLett.115.220502},
eprint = {1505.07535},
}

@comment{record 21 now 22}
@comment{LB added doi arxiv}
@ARTICLE{experiment_ruv,
title = {Experimental Blind Quantum Computing for a Classical Client},
author = {Huang, He-Liang and Zhao, Qi and Ma, Xiongfeng and Liu, Chang and Su, Zu-En and Wang, Xi-Lin and Li, Li and Liu, Nai-Le and Sanders, Barry C. and Lu, Chao-Yang and Pan, Jian-Wei},
journal = physrevlett,
volume = {119},
number = {5/050503},
pages = {1--5},
numpages = {5},
year = {2017},
doi = {10.1103/PhysRevLett.119.050503},
eprint = {1707.00400},
}

@comment{record 22 now 23}
@comment{LB upgraded to journal added 2 dois arxiv}
@article{Ji16,
author    = {Zhengfeng Ji},
title     = {Classical verification of quantum proofs},
journal = toc,
volume = 15,
number = 5,
year = 2019,
pages = {1--42},
doi = {10.4086/toc.2019.v015a005},
note = {\prelim \href{https://doi.org/10.1145/2897518.2897634}{STOC'16}},
eprint = {1505.07432},
}

@comment{upgraded to record 22}
@INPROCEEDINGS{Ji16-orig,
author    = {Zhengfeng Ji},
title     = {Classical verification of quantum proofs},
crossref = {pstoc16},                  
pages = {885--898},
}

@comment{record 23 now 25}
@comment{IH journal version}
@comment{LB IH added arxiv 2 doi}
@article{mahadev2017,
author    = {Urmila Mahadev},
title={Classical Homomorphic Encryption for Quantum Circuits},
journal = sicomp,
volume  = 52,
number  = 6,
pages   = {189--215},
year    = 2023,
doi = {10.1137/18M1231055},
note = {\prelim \href{https://doi.org/10.1109/FOCS.2018.00039}{FOCS'18}},
eprint = {1708.02130},
}

@comment{record 23-orig}
@comment{LB added doi arxiv}
@INPROCEEDINGS{mahadev2017-orig,
author    = {Urmila Mahadev},
title = {Classical Homomorphic Encryption for Quantum Circuits},
crossref = {pfocs18},
pages     = {332--338},
doi = {10.1109/FOCS.2018.00039},
eprint = {1708.02130},
}

@comment{record 24 now 24}
@comment{LB IH journal version added arxiv 2 doi}
@article{mahadev2018,
author    = {Urmila Mahadev},
title={Classical Verification of Quantum Computations},
journal = sicomp,
volume  = 51,
number  = 4,
pages   =  {1172--1229},
year    = 2022,
doi = {10.1137/20M1371828},
note = {\prelim \href{https://doi.org/10.1109/FOCS.2018.00033}{FOCS'18}},
eprint = {1804.01082},
}

@comment{record 24-orig}
@comment{LB IH journal version added arxiv doi}
@comment{LB added arxiv doi}
@inproceedings{mahadev2018-orig,
author    = {Urmila Mahadev},
title={Classical Verification of Quantum Computations},
crossref = {pfocs18},
pages     = {259--267},
doi = {10.1109/FOCS.2018.00033},
eprint = {1804.01082},
}

@comment{record 25 now 26}
@comment{LB added ACM DL issue}
@ARTICLE{mayers2004selftesting,
author = {Dominic Mayers and Andrew Yao},
title = {Self testing quantum apparatus},
journal = qic,
volume = {4},
number = 4,
pages = {273--286},
year = {2004},
note = {\href{https://dl.acm.org/doi/10.5555/2011827.2011830}{ACM DL}},
}

@comment{record 26 now 27}
@comment{LB added doi}
@ARTICLE{McKague16,
author = {Matthew McKague},
title = {Interactive Proofs for {BQP} via Self-Tested Graph States},
journal = toc,
volume = {12},
number = {3},
year = {2016},
pages = {1--42},
doi = {10.4086/toc.2016.v012a003},
eprint = {1309.5675},
}

@comment{record 27 now 28}
@comment{LB added doi}
@comment{IH added issue}
@ARTICLE{Mermin90,
title={Simple unified form for the major no-hidden-variables theorems},
author={Mermin, N. David},
journal= physrevlett,
volume={65},
number = 27,
pages={3373--3376},
year={1990},
doi = {10.1103/PhysRevLett.65.3373},
}

@comment{record 28 now 29}
@comment{LB added doi arxiv}
@ARTICLE{montanaro2016survey,
author = {Ashely Montanaro},
title = {Quantum algorithms: an overview},
journal = npjqi,
year = {2016},
volume = {2},
number = {15023},
doi = {10.1038/npjqi.2015.23},
eprint = {1511.04206},
}

@comment{record 29 now 30}
@comment{LB added doi}
@ARTICLE{Morimae14,
author = {Tomoyuki Morimae},
year = {2014},
title = {Verification for measurement-only blind quantum computing},
journal = PhysRevA,
volume = {89},
number = {6/060302(R)},
pages = {1--4},
doi = {10.1103/PhysRevA.89.060302},
}

%%%%%%%%%%%%%%*********************
                  
@comment{LB MF16 inconsistent *** record see 30a and 30b below}
@ARTICLE{MF16x,
title = {Post hoc verification with a single prover},
author = {Tomoyuki Morimae and Joseph F. Fitzsimons},
journal = physrevlett,
year = {2018},
volume = {120},
number = {040501},
eprint = {1603.06046},
}

@comment{record 30a now 31}
@comment{LB part of MF16 year fixed 2018 to 2016 arxiv only, 2 au only}
@misc{MF16a,
title = {Post hoc verification with a single prover},
author = {Tomoyuki Morimae and Joseph F. Fitzsimons},
year = {2016},
eprint = {1603.06046},
}

@comment{record 30b was MF16b see bibconfusiontxt now 13}
@comment{LB part of MF16 added doi updated} 
@ARTICLE{FHM18,
title = {\emph{Post hoc} verification of quantum computation},
author ={Joseph F. Fitzsimons and Michal Hajdu\v{s}ek and Tomoyuki Morimae},
journal = physrevlett,
year = {2018},
volume = {120},
number = {4/040501},
pages = {1--5},
doi = {10.1103/PhysRevLett.120.040501},
eprint = {1512.04375},
}

%%%%%%%%%%%%%%*********************

@comment{record 31x}
@comment{LB inconsistent ** record see 31a and 31b below}
@ARTICLE{MorimaeTH17x,
author = {Tomoyuki Morimae and Yuki Takeuchi and Masahito Hayashi},
title = {Verified measurement-based quantum computing with hypergraph states},
journal = PhysRevA,
year = {2017},
volume = {96},
number = {6/062321},
eprint = {1701.05688},
}

@comment{record 31a to 33 now deleted}
@comment{LB part of MorimaeTh17 arxiv only}
@misc{MorimaeTH17a,
author = {Tomoyuki Morimae and Yuki Takeuchi and Masahito Hayashi},
title = {Verified measurement-based quantum computing with hypergraph states},
year = {2017},
eprint = {1701.05688},
}

@comment{record 31b now 32}
@comment{LB part of MorimaeTh17 doi added title fixed}
@ARTICLE{MorimaeTH17,
author = {Tomoyuki Morimae and Yuki Takeuchi and Masahito Hayashi},
title = {Verification of hypergraph states},
journal = PhysRevA,
year = {2017},
volume = {96},
number = {062321},
doi = {10.1103/PhysRevA.96.062321},
eprint = {1701.05688},
}

%%%%%%%%%%%%%%*********************

@comment{record 32 to 34 now 33}
@comment{LB doi added}
@INPROCEEDINGS{natarajan2016robust,
title={A quantum linearity test for robustly verifying entanglement},
author={Natarajan, Anand and Vidick, Thomas},
crossref = {pstoc17},
pages={1003--1015},
doi = {10.1145/3055399.3055468},
}

@comment{record 33 to 35 now 34}
@comment{LB doi added}
@INPROCEEDINGS{NatarajanV18,
author    = {Anand Natarajan and Thomas Vidick},
title  = {Low-Degree Testing for Quantum States, and a Quantum Entangled Games
{PCP} for {QMA}},
crossref = {pfocs18},
pages     = {731--742},
doi = {10.1109/FOCS.2018.00075},
}

@comment{record 35 to 36 now 35}
@comment{LB added doi}
@ARTICLE{reichardt2012classical,
author = {Ben W. Reichardt and Falk Unger and Umesh Vazirani},
title = {Classical Command of Quantum Systems},
year = {2013},
journal = {Nature},
volume = {496},
pages = {456--460},
doi   = {10.1038/nature12035},
note={Full version \href{https://arxiv.org/abs/1209.0448}{arXiv:1209.0448}},
}

@comment{record 34 to 37 now 36}
@comment{LB ITCS version doi added}
@inproceedings{reichardt2012classicalarxiv,
title={A classical leash for a quantum system: {C}ommand of quantum systems via rigidity of {CHSH} games},
author={Reichardt, Ben W. and Unger, Falk and Vazirani, Umesh},
crossref = {pitcs13},
doi = {10.1145/2422436.2422473},
eprint = {1209.0448}},
}

@comment{record 34-orig}
@comment{LB upgraded to ITCS version}
@MISC{reichardt2012classicalarxiv-orig,
title={A classical leash for a quantum system: {C}ommand of quantum systems via rigidity of {CHSH} games},
author={Reichardt, Ben W. and Unger, Falk and Vazirani, Umesh},
eprint = {1209.0448}},
year={2012}
}

@comment{record 36 to 38 now 37}
@comment{LB added doi}
@ARTICLE{slofstra2016tsirelson,
title={Tsirelson's problem and an embedding theorem for groups arising from non-local games},
author={Slofstra, William},
journal = jams,
year={2020},
volume = {33},
pages = {1--56},
doi = {10.1090/JAMS/929},
eprint = {1606.03140},
}

@comment{record 37 to 39 now 38}
@comment{LB added doi arxiv}
@ARTICLE{WBMS16,
title={Device-independent parallel self-testing of two singlets},
author={Xingyao Wu and Jean-Daniel Bancal and Matthew McKague and Valerio Scarani},
journal= PhysRevA,
volume={93},
number = {6/062121},
year={2016},
doi = {10.1103/PhysRevA.93.062121},
eprint = {1512.02074},
}
