@misc{algorithmzoo,
	author = {Jordan, Stephen P.},
	title ={The quantum algorithm zoo},
	howpublished={Available at \url{http://math.nist.gov/quantum/zoo/}}}

@article{ibmcloud,
	author = {Davide Castelvecchi},
	title = {{IBM}'s quantum cloud computer goes commercial},
	journal = {Nature News},
	year = {6 March 2017},
	volume = {543},
	number = {7644}}

@misc{slofstra2016tsirelson,
  title={Tsirelson's problem and an embedding theorem for groups arising from non-local games},
  author={Slofstra, William},
  note={arXiv preprint {\tt arXiv:1606.03140}},
  year={2016}
}


@inproceedings{natarajan2016robust,
  title={A quantum linearity test for robustly verifying entanglement},
  author={Natarajan, Anand and Vidick, Thomas},
  booktitle={Proceedings of the Forty-ninth Annual ACM SIGACT Symposium on Theory of Computing (STOC 2017)},
  pages={1003--1015},
  year={2017},
}

@article{broadbent15howtoverify,
  title={How to verify a quantum computation},
  author={Broadbent, Anne},
  journal = {Theory of Computing},
  volume = {14},
  number = {11},
  pages = {1--37},
  note={arXiv preprint {\tt arXiv:1509.09180}},
  year={2018}
}

@inproceedings{dulek16,
  title={Quantum homomorphic encryption for polynomial-sized circuits},
  author={Dulek, Yfke and Schaffner, Christian and Speelman, Florian},
  booktitle = {Advances in Cryptology -- Proceedings of the 36th Annual International Cryptology Conference (CRYPTO 2016)},
  pages = {3--32},
  note={arXiv:1603.09717},
  year={2016}
}

@article{barrington89,
  title={Bounded-width polynomial-size branching programs recognize exactly those languages in {NC}1},
  author={Barrington, David A.},
  journal={Journal of Computer and System Sciences, 164:150–164, 1989.},
  year={1989}
}

@article{reichardt2012classical,
	author = {Ben W. Reichardt and Falk Unger and Umesh Vazirani},
	title = {Classical Command of Quantum Systems},
	year = {2013},
	journal = {Nature},
	volume = {496},
	pages = {456--460},
	note = {Full version {\tt arXiv:1209.0448}}
}

@inproceedings{buhrman11,
	author = {Harry Buhrman and Serge Fehr and Christian Schaffner and Florian Speelman},
	title = {The Garden-Hose Model},
	booktitle = {Proceedings of the 4th Conference on Innovations in Theoretical Computer Science (ITCS 2013)},
	year = {2013},
	pages = {145--158},
	note = {arXiv:1109.2563}
}
@article{rivest1978fhe,
  author = {Rivest, Ronald L and Adleman, Len and Dertouzos, Michael L},
  journal = {Foundations of Secure Computation, Academia Press},
  pages = {169-179},
  title = {On Data Banks and Privacy Homomorphisms},
  year = {1978}
}
@inproceedings{gentry2009fhe,
 author = {Gentry, Craig},
 title = {Fully Homomorphic Encryption Using Ideal Lattices},
 booktitle = {Proceedings of the 41st Annual ACM Symposium on Theory of Computing},
 series = {STOC '09},
 year = {2009},
 pages = {169--178},
} 

@article{gottesman1999teleportation,
	author = {Daniel Gottesman and Isaac L.\ Chuang},
	title = {Demonstrating the Viability of Universal Quantum Computation Using Teleportation and Single-Qubit Operations}, 			journal = {Nature},
	volume ={402},
	pages = {390--393},
	year = {1999}}

@inproceedings{broadbent15qfhe,
  author    = {Anne Broadbent and
               Stacey Jeffery},
  title     = {Quantum Homomorphic Encryption for Circuits of Low T-gate Complexity},
  booktitle = {Advances in Cryptology - {CRYPTO} 2015},
  pages     = {609--629},
  year      = {2015},
}

@article{gross2006hudson,
  title={Hudson’s theorem for finite-dimensional quantum systems},
  author={Gross, David},
  journal={Journal of mathematical physics},
  volume={47},
  number={12},
  pages={122107},
  year={2006},
  publisher={AIP}
}

@misc{reichardt2012classicalarxiv,
  title={A classical leash for a quantum system: Command of quantum systems via rigidity of {CHSH} games},
  author={Reichardt, Ben W. and Unger, Falk and Vazirani, Umesh},
  note={arXiv preprint {\tt arXiv:1209.0448}},
  year={2012}
}

@misc{chao2017overlapping,
  title={Overlapping qubits},
  author={Chao, Rui and Reichardt, Ben W and Sutherland, Chris and Vidick, Thomas},
  note={arXiv preprint {\tt arXiv:1701.01062}},
  year={2017}
}

@inproceedings{aharonov10qpip,
  author    = {Dorit Aharonov and
  Michael Ben{-}Or and
  Elad Eban},
  title     = {Interactive Proofs For Quantum Computations},
  booktitle = {Proceedings of the first Symposium on Innovations in Computer Science ({ICS} 2010)},
  pages     = {453--469},
  year      = {2010},
}

@inproceedings{broadbent10ubqc,
  author    = {Anne Broadbent and Joseph Fitzsimons and Elham Kashefi},
  title     = {Measurement-Based and Universal Blind Quantum Computation},
  booktitle = {
  {SFM} 2010},
  pages     = {43--86},
  year      = {2010},
}

@article{fitzsimons12vubqc,
  author = {Joseph F. Fitzsimons and Elham Kashefi},
  title = {Unconditionally verifiable blind quantum computation},
  journal = {Physical Review A},
  volume = {96},
  number = {012303},
  year = {2017},
  note = {arXiv preprint {\tt arXiv:1203.5217}},
}

@article{fitzsimons2016survey,
	author = {Joseph F.\ Fitzsimons},
	title = {Private quantum computation: An introduction to blind quantum computing and related protocols},
	journal = {npj Quantum Information},
	year = {2017},
	volume = {3},
	number = {23}}

@article{barzFKW13,
  title={Experimental verification of quantum computation},
  author={Barz, Stefanie and Fitzsimons, Joseph F and Kashefi, Elham and
     Walther, Philip},
  journal={Nature physics},
  volume={9},
  number={11},
  pages={727--731},
  year={2013},
  publisher={Nature Publishing Group}
}

@article{gheorghiu15,
	author = {Alexandru Gheorghiu and Elham Kashefi and Petros Wallden},
	year = {2015},
	title = {Robustness and device independence of verifiable blind quantum computing},
	journal = {New Journal of Physics},
	volume = {17}}

@misc{hajdusek2015,
	author = {Michal Hajdu\v{s}ek and Carlos A. P\'erez-Delgado and Joseph F.\ Fitzsimons},
	title = {Device-independent verifiable blind quantum computation},
	year = {2015},
	note = {arXiv preprint {\tt arXiv:1502.02563}}
}

@misc{hayashi2016self,
  title = {Self-guaranteed measurement-based quantum computation},
  author = {Hayashi, Masahito and Hajdu\ifmmode \check{s}\else \v{s}\fi{}ek, Michal},
  journal = {Phys. Rev. A},
  volume = {97},
  issue = {5},
  pages = {052308},
  numpages = {16},
  year = {2018},
  month = {May},
  publisher = {American Physical Society},
}


@misc{hajdusek2015posthoc,
	author = {Joseph F.\ Fitzsimons and Michal Hajdu\v{s}ek},
	title = {Post hoc verification of quantum computation},
	year = {2015},
	note = {arXiv preprint {\tt arXiv:1512.04375}}
}

@article{mayers2004selftesting,
	author = {Dominic Mayers and Andrew Yao},
	title = {Self testing quantum apparatus},
	volume = {4},
	pages = {273--286},
	journal = {Quantum Information \& Computation},
	year = {2004}
}


@article{McKague16,
	author = {Matthew McKague},
	title = {Interactive Proofs for {BQP} via Self-Tested Graph States},
	journal = {Theory of Computing},
	volume = {12},
	number = {3},
	year = {2016},
	pages = {1--42},
	note = {arXiv preprint {\tt arXiv:1309.5675}}
}

@article{Mermin90,
  title={Simple unified form for the major no-hidden-variables theorems},
  author={Mermin, N.~David},
  journal={Physical Review Letters},
  volume={65},
  pages={3373-3376},
  year={1990}
}

@article{montanaro2016survey,
	author = {Ashely Montanaro},
	title = {Quantum algorithms: an overview},
	journal = {npj Quantum Information},
	year = {2016},
	volume = {2},
	number = {15023}}

@article{Morimae14,
	author = {Tomoyuki Morimae},
	year = {2014},
	title = {Verification for measurement-only blind quantum computing},
	journal = {Physical Review A},
	volume = {89}}

@misc{MF16,
	title = {Post hoc verification with a single prover},
	author = {Tomoyuki Morimae and Joseph F.\ Fitzsimons},
	year = {2016},
	note={arXiv preprint {\tt arXiv:1603.06046}}
}

@article{WBMS16,
  title={Device-independent parallel self-testing of two singlets},
  author={Xingyao Wu and Jean-Daniel Bancal and Matthew McKague and Valerio Scarani},
  journal={Physical Review A},
  volume={93},
  pages={062121},
  year={2016}
}

@article{kempe2011entangled,
  title={Entangled games are hard to approximate},
  author={Kempe, Julia and Kobayashi, Hirotada and Matsumoto, Keiji and Toner, Ben and Vidick, Thomas},
  journal={SIAM Journal on Computing},
  volume={40},
  number={3},
  pages={848--877},
  year={2011},
  publisher={SIAM}
}

@article{gowers2015inverse,
	year = 2017,
	month = {dec},
	publisher = {{IOP} Publishing},
	volume = {208},
	number = {12},
	pages = {1784--1817},
	author = {W T Gowers and O Hatami},
	title = {Inverse and stability theorems for approximate representations of finite groups},
	journal = {Sbornik: Mathematics},
}

@article{Bell:64a,
author = {Bell, John S.},
journal = {Physics},
pages = {195--200},
title = {On the {E}instein-{P}odolsky-{R}osen Paradox},
volume = {1},
year = {1964}
}

	@article{Clauser:69a,
author = {Clauser, John F. and Horne, Michael A. and Shimony, Abner and Holt, Richard A.},
journal = {Physical Review Letters},
pages = {880--884},
title = {{Proposed experiment to test local hidden-variable theories}},
volume = {23},
year = {1969},
doi = {https://doi.org/10.1103/PhysRevLett.23.880}
}
@article{GoldwasserKR2005,
 author = {Goldwasser, Shafi and Kalai, Yael Tauman and Rothblum, Guy N.},
 title = {Delegating Computation: Interactive Proofs for Muggles},
 journal = {J. ACM},
 volume = {62},
 number = {4},
 month = sep,
 year = {2015},
 issn = {0004-5411},
 pages = {27:1--27:64},
 publisher = {ACM},
 address = {New York, NY, USA},
}

@article{GoldreichR17,
  author    = {Oded Goldreich and
               Guy N. Rothblum},
  title     = {Simple doubly-efficient interactive proof systems for locally-characterizable
               sets},
  journal   = {Electronic Colloquium on Computational Complexity {(ECCC)}},
  volume    = {24},
  pages     = {18},
  year      = {2017},
}

@misc{ghblog,
	author = {Thomas Vidick},
	title ={The {P}auli Braiding Test},
	year = {2017},
	howpublished={Available at \url{https://mycqstate.wordpress.com/2017/06/28/pauli-braiding/}}}
	
@inproceedings{FitzsimonsV15,
  author    = {Joseph Fitzsimons and
  Thomas Vidick},
  title     = {A Multiprover Interactive Proof System for the Local
  {H}amiltonian Problem},
  booktitle = {Proceedings of the 2015 Conference on Innovations in
  Theoretical Computer
  Science {(ITCS 2015)}},
  pages     = {103--112},
  year      = {2015},
}

@inproceedings{Ji16,
  author    = {Zhengfeng Ji},
  title     = {Classical verification of quantum proofs},
  booktitle = {Proceedings of the Forty-eighth Annual {ACM} {SIGACT} Symposium on Theory
               of Computing (STOC 2016)},
  pages = {885--898},
  year      = {2016},
}

@article{AroraS98,
  author    = {Sanjeev Arora and    Shmuel Safra},
  title     = {Probabilistic Checking of Proofs: {A} New Characterization of {NP}},
  journal   = {Journal of the {ACM}},
  volume    = {45},
  number    = {1},
  pages     = {70--122},
  year      = {1998}
}

@article{AroraLMSS98,
  author    = {Sanjeev Arora and          Carsten Lund and Rajeev Motwani and Madhu Sudan and Mario Szegedy},
  title     = {Proof Verification and the Hardness of Approximation Problems},
  journal   = {Journal of the {ACM}},
  volume    = {45},
  number    = {3},
  pages     = {501--555},
  year      = {1998}
}

@article{BabaiFL91,
  author    = {L{\'{a}}szl{\'{o}} Babai and Lance Fortnow and Carsten Lund},
  title     = {Non-Deterministic Exponential Time has Two-Prover Interactive Protocols},
  journal   = {Computational Complexity},
  volume    = {1},
  pages     = {3--40},
  year      = {1991}
}

@inproceedings{BenOrGKW88,
 author = {Ben{-}Or, Michael and Goldwasser, Shafi and Kilian, Joe and Wigderson, Avi},
 title = {Multi-prover Interactive Proofs: How to Remove Intractability Assumptions},
 booktitle = {Proceedings of the Twentieth Annual ACM Symposium on Theory of Computing (STOC 1988)},
 year = {1988},
 pages = {113--131},
 numpages = {19},
 publisher = {ACM},
 address = {New York, NY, USA},
} 

@article{Raz98,
  author    = {Ran Raz},
  title     = {A Parallel Repetition Theorem},
  journal   = {{SIAM} Journal on Computing},
  volume    = {27},
  number    = {3},
  pages     = {763--803},
  year      = {1998}
}

@article{AharonovAV13,
	Author = {Dorit Aharonov and Itai Arad and Thomas Vidick},
	Journal = {SIGACT News},
	Number = 2,
	volume = {44},
	Pages = {47-79},
	Title = {Guest column: the quantum {PCP} conjecture.},
	year = 2013
}

@article{experiment_ruv,
  title = {{Experimental Blind Quantum Computing for a Classical Client}},
  author = {Huang, He-Liang and Zhao, Qi and Ma, Xiongfeng and Liu, Chang and Su, Zu-En and Wang, Xi-Lin and Li, Li and Liu, Nai-Le and Sanders, Barry C. and Lu, Chao-Yang and Pan, Jian-Wei},
  journal = {Physical Review Letters},
  volume = {119},
  issue = {5},
  pages = {050503},
  numpages = {5},
  year = {2017},
  month = {Aug},
  publisher = {American Physical Society},
}

@inproceedings{alagic2017quantum,
  author    = {Gorjan Alagic and
               Yfke Dulek and
               Christian Schaffner and
               Florian Speelman},
  title     = {Quantum Fully Homomorphic Encryption with Verification},
  booktitle = {Advances in Cryptology - {ASIACRYPT} 2017 - 23rd International Conference
               on the Theory and Applications of Cryptology and Information Security},
  pages     = {438--467},
  year      = {2017},
}

@inproceedings{mahadev2017,
author    = {Urmila Mahadev},
title = {Classical Homomorphic Encryption for Quantum Circuits},
  booktitle = {59th {IEEE} Annual Symposium on Foundations of Computer Science, {FOCS}
               2018},
  pages     = {332--338},
  year      = {2018},
}

@inproceedings{mahadev2018,
author    = {Urmila Mahadev},
  title={Classical Verification of Quantum Computations},
  booktitle = {59th {IEEE} Annual Symposium on Foundations of Computer Science, {FOCS}
               2018},
  pages     = {259--267},
  year      = {2018},
}

@article{bausch2016increasing,
  title={Increasing the quantum UNSAT penalty of the circuit-to-Hamiltonian construction},
  author={Bausch, Johannes and Crosson, Elizabeth},
  journal={arXiv preprint arXiv:1609.08571},
  year={2016}
}


@misc{HayashiH16,
  title={Self-guaranteed measurement-based quantum computation},
  author={Masahito Hayashi and Michal Hajdu\v{s}ek},
  note={arXiv preprint {\tt arXiv:1603.02195}},
  year={2016}
}
@misc{Grilo17,
  title={Relativistic verifiable delegation of quantum computation},
  author={Alex B. Grilo},
  note= {arXiv preprint arXiv:1711.09585},
  year={2017}
}
@article{HayashiM15,
  title = {Verifiable Measurement-Only Blind Quantum Computing with Stabilizer Testing},
  author = {Hayashi, Masahito and Morimae, Tomoyuki},
  journal={Physical Review Letters},
  volume = {115},
  issue = {22},
  pages = {220502},
  numpages = {5},
  year = {2015},
  month = {Nov},
  publisher = {American Physical Society},
  doi = {10.1103/PhysRevLett.115.220502},
  url = {https://link.aps.org/doi/10.1103/PhysRevLett.115.220502}
}
@article{FujiiH17,
  title = {Verifiable fault tolerance in measurement-based quantum computation},
  author = {Fujii, Keisuke and Hayashi, Masahito},
  journal = {Physical Review A},
  volume = {96},
  issue = {3},
  pages = {030301},
  numpages = {6},
  year = {2017},
  month = {Sep},
  publisher = {American Physical Society},
  doi = {10.1103/PhysRevA.96.030301},
  url = {https://link.aps.org/doi/10.1103/PhysRevA.96.030301}
}

@misc{MorimaeTH17,
	author = { Tomoyuki Morimae and Yuki Takeuchi and Masahito Hayashi },
	note = {arXiv:1701.05688},
	year = {2017},
	title = { Verified measurement-based quantum computing with hypergraph states }
}

@misc{GheorghiuV19,
title = {Computationally-secure and composable remote state preparation},
author = { Alexandru Gheorghiu and Thomas Vidick },
	note = {arXiv:1904.06320},
	year = {2019},
}

@article{BowlesSCA18,
  title = {Self-testing of Pauli observables for device-independent entanglement certification},
	author = { Joseph Bowles and Ivan \v{S}upi\'{c} and Daniel Cavalcanti and Antonio Ac\'{i}n },
  journal = {Phys. Rev. A},
  volume = {98},
  issue = {4},
  pages = {042336},
  numpages = {24},
  year = {2018},
  month = {Oct},
  publisher = {American Physical Society},
}

@inproceedings{NatarajanV18,
  author    = {Anand Natarajan and
               Thomas Vidick},
  title     = {Low-Degree Testing for Quantum States, and a Quantum Entangled Games
               {PCP} for {QMA}},
  booktitle = {59th {IEEE} Annual Symposium on Foundations of Computer Science, {FOCS}
               2018},
  pages     = {731--742},
  year      = {2018}
}





@article{BeraFGH10,
  author    = {Debajyoti Bera and
               Stephen A. Fenner and
               Frederic Green and
               Steven Homer},
  title     = {Efficient universal quantum circuits},
  journal   = {Quantum Information {\&} Computation},
  volume    = {10},
  number    = {1{\&}2},
  pages     = {16--27},
  year      = {2010},
}